@comment{jabref-meta: selector_publisher:}
@comment{jabref-meta: selector_author:}
@comment{jabref-meta: selector_journal:}
@comment{jabref-meta: selector_keywords:}

@misc{bib:about_inputmethodkit,
  author       = {Apple Inc.},
  title        = {InputMethodKit | Apple Developer Documentation},
  howpublished = {\url{https://developer.apple.com/documentation/inputmethodkit}},
  note         = {(2024年06月13日アクセス)}
}

@misc{bib:the_composable_architecture,
  author       = {Point-Free},
  title        = {pointfreeco/swift-composable-architecture: A library for building applications in a consistent and understandable way, with composition, testing, and ergonomics in mind.},
  howpublished = {\url{https://github.com/pointfreeco/swift-composable-architecture}},
  note         = {(2024年06月13日アクセス)}
}

@misc{bib:fastlane,
  author       = {fastlane},
  title        = {fastlane - App automation done right},
  howpublished = {\url{https://fastlane.tools/}},
  note         = {(2024年06月13日アクセス)}
}

@inproceedings{Hoge,
  title  = {Test},
  author = {Hoge}
}